@inproceedings{demter:2012,
  author = {Demter, Jan and Auer, S{\"o}ren and Martin, Michael and Lehmann, Jens},
  bdsk-url-1 = {http://svn.aksw.org/papers/2011/RDFStats/public.pdf},
  biburl = {http://www.bibsonomy.org/bibtex/2a313b27d9b6a23dfce5cc17d3356f489/aksw},
  booktitle = {Proceedings of the EKAW 2012},
  date-modified = {2012-12-02 13:05:55 +0000},
  keywords = {2012 MOLE auer event_ekaw group_aksw lehmann lod2page lodstats martin peer-reviewed},
  modified = {2012-12-02 13:05:55 +0000},
  publisher = {Springer},
  series = {Lecture Notes in Computer Science (LNCS) 7603},
  timestamp = {2014-05-29T12:26:03.000+0200},
  title = {LODStats -- An Extensible Framework for High-performance Dataset Analytics},
  url = {http://svn.aksw.org/papers/2011/RDFStats/public.pdf},
  year = 2012
}

@article {Bizer2009,
author = {Christian Bizer and Tom Heath and Tim Berners-Lee},
title = {{Linked Data - The Story So Far}},
journal = {International Journal on Semantic Web and Information Systems},
volume = {5},
issue = {3},
pages = {1--22},
year = {2009},
}


@inproceedings{Meymandpour13,
author = {Meymandpour, R and Davis, J. G},
title ={Ranking Universities Using Linked Open Data},
  booktitle = {Proceedings of the LDOW 2013 },
  year= 2013
}

@INPROCEEDINGS{scharffe_2012,
  author = {Fran\c{c}ois Scharffe and Ghislain Atemezing and Rapha\"{e}l Troncy
	and Fabien Gandon and Serena Villata and B\'{e}n\'{e}dicte Bucher
	and Fay\c{c}al Hamdi and Laurent Bihanic and Gabriel K\'{e}p\'{e}klian
	and Franck Cotton and J\'{e}r\^{o}me Euzenat and Zhengjie Fan and
	Pierre-Yves Vandenbussche and Bernard Vatant},
  title = {Enabling linked-data publication with the Datalift Platform},
  booktitle = {26th Conference on Artificial Intelligence (AAAI-12)},
  year = {2012},
  owner = {Pierre-Yves},
  timestamp = {2012.07.09}
}

@misc{pybernard12,
  author = {Pierre-Yves Vandenbussche and Bernard Vatant},
  title = {{Metadata Recommendations For Linked Open Vocabularies}},
  howpublished = {OKFN},
  year = {2012},
  note = {\url{http://lov.okfn.org/dataset/lov/Recommendations_Vocabulary_Design.pdf}}
}

%% add bizer reference here%%